@STRING{icra = {{Proc. {IEEE} Int. Conf. Robotics and Automation (ICRA)}}}
@STRING{iros = {Proc. IEEE/RSJ Int. Conf. on Intelligent Robots and Systems (IROS)}}
@STRING{ijrr = {Int. J. Robotics Research (IJRR)}}
@STRING{rss = {Proc. Robotics: Science and Systems (RSS)}}
@STRING{tra = {IEEE Trans. Robotics and Automation}}
@STRING{tro = {IEEE Trans. Robotics}}
@STRING{ram = {IEEE Robotics \& Automation Magazine}}

@inproceedings{ross2013learning,
  title={Learning monocular reactive uav control in cluttered natural environments},
  author={Ross, St{\'e}phane and Melik-Barkhudarov, Narek and Shankar, Kumar Shaurya and Wendel, Andreas and Dey, Debadeepta and Bagnell, J Andrew and Hebert, Martial},
  booktitle={ICRA, 2013 IEEE },
  organization={IEEE}
}

@inproceedings{dillmann1995acquisition,
  title={Acquisition of elementary robot skills from human demonstration},
  author={Dillmann, R{\"u}diger and Kaiser, M and Ude, Ales},
  booktitle={International symposium on intelligent robotics systems},
  pages={185--192},
  year={1995},
  organization={Citeseer}
}

@article{shalev2011online,
  title={Online learning and online convex optimization},
  author={Shalev-Shwartz, Shai},
  year={2011}
}

@article{slud1977,
author = "Slud, Eric V.",
doi = "10.1214/aop/1176995801",
fjournal = "The Annals of Probability",
journal = "Ann. Probab.",
month = "06",
number = "3",
pages = "404--412",
publisher = "The Institute of Mathematical Statistics",
title = "Distribution Inequalities for the Binomial Law",
url = "http://dx.doi.org/10.1214/aop/1176995801",
volume = "5",
year = "1977"
}



@article{akgun2012keyframe,
  title={Keyframe-based learning from demonstration},
  author={Akgun, Baris and Cakmak, Maya and Jiang, Karl and Thomaz, Andrea L},
  journal={International Journal of Social Robotics},
  volume={4},
  number={4},
  pages={343--355},
  year={2012},
  publisher={Springer}
}

@inproceedings{akgun2012novel,
  title={Novel Interaction Strategies for Learning from Teleoperation.},
  author={Akgun, Baris and Subramanian, Kaushik and Thomaz, Andrea Lockerd}
}

@article{zhang2016query,
  title={Query-Efficient Imitation Learning for End-to-End Autonomous Driving},
  author={Zhang, Jiakai and Cho, Kyunghyun},
  journal={arXiv preprint arXiv:1605.06450},
  year={2016}
}


@incollection{schulman2016learning,
  title={Learning from demonstrations through the use of non-rigid registration},
  author={Schulman, John and Ho, Jonathan and Lee, Cameron and Abbeel, Pieter},
  booktitle={Robotics Research},
  pages={339--354},
  year={2016},
  publisher={Springer}
}

@inproceedings{mahler2014learning,
  title={Learning accurate kinematic control of cable-driven surgical robots using data cleaning and gaussian process regression},
  author={Mahler, Jeffrey and Krishnan, Sanjay and Laskey, Michael and Sen, Siddarth and Murali, Adithyavairavan and Kehoe, Ben and Patil, Sachin and Wang, Jiannan and Franklin, Mike and Abbeel, Pieter and others},
  booktitle={2014 IEEE International Conference on Automation Science and Engineering (CASE)},
  pages={532--539},
  year={2014},
  organization={IEEE}
}

@inproceedings{verdu2014total,
  title={Total variation distance and the distribution of relative information.},
  author={Verd{\'u}, Sergio},
  organization={Citeseer}
}

@incollection{tewari13learning,
  author = {Ambuj Tewari and Peter L. Bartlett},
  title = {Learning Theory},
  booktitle = {Academic Press Library in Signal Processing: Volume 1 Signal Processing Theory and Machine Learning},
  series = {Academic Press Library in Signal Processing},
  volume = {1},
  publisher = {Elsevier},
  year = {2014},
  editor = {Paulo S.R. Diniz and Johan A.K. Suykens and Rama Chellappa and Sergios Theodoridis},
  chapter = {14},
  pages = {775--816},
  pdf = {research/tewari13learning.pdf},
  url = {http://dx.doi.org/10.1016/B978-0-12-396502-8.00014-0}
}



@inproceedings{vapnik1992principles,
  title={Principles of Risk Minimization for Learning Theory},
  author={Vapnik, V},
  booktitle={Advances in Neural Information Processing Systems},
  pages={831--838},
  year={1992}
}

@article{ballesteros2016training,
  title={Training with exploration improves a greedy stack-LSTM parser},
  author={Ballesteros, Miguel and Goldberg, Yoav and Dyer, Chris and Smith, Noah A},
  journal={arXiv preprint arXiv:1603.03793},
  year={2016}
}


@article{shalev2011online,
  title={Online learning and online convex optimization},
  author={Shalev-Shwartz, Shai},
  year={2011}
}


@book{vapnik2013nature,
  title={The nature of statistical learning theory},
  author={Vapnik, Vladimir},
  year={2013},
  publisher={Springer Science \& Business Media}
}

@inproceedings{mason1999boosting,
  title={Boosting algorithms as gradient descent in function space},
  author={Mason, Llew and Baxter, Jonathan and Bartlett, Peter and Frean, Marcus},
  year={1999}
}

@inproceedings{he2012imitation,
  title={Imitation learning by coaching},
  author={He, He and Eisner, Jason and Daume, Hal},
  booktitle={Advances in Neural Information Processing Systems},
  pages={3149--3157},
  year={2012}
}

@inproceedings{kakade2009generalization,
  title={On the generalization ability of online strongly convex programming algorithms},
  author={Kakade, Sham M and Tewari, Ambuj},
  booktitle={Advances in Neural Information Processing Systems},
  pages={801--808},
  year={2009}
}
@book{kakade2003sample,
  title={On the sample complexity of reinforcement learning},
  author={Kakade, Sham Machandranath and others},
  year={2003}
}

@article{laskeyrobot,
  title={Robot Grasping in Clutter: Using a Hierarchy of Supervisors for Learning from Demonstrations},
  author={Laskey, Michael and Lee, Jonathan and Chuck, Caleb and Gealy, David and Hsieh, Wesley and Pokorny, Florian T and Dragan, Anca D and Goldberg, Ken}
}


@article{baxter2001experiments,
  title={Experiments with infinite-horizon, policy-gradient estimation},
  author={Baxter, Jonathan and Bartlett, Peter L. and Weaver, Lex},
  journal={Journal of Artificial Intelligence Research},
  pages={351--381},
  year={2001}
}


@article{dogar2012physics,
  title={Physics-based grasp planning through clutter},
  author={Dogar, M and Hsiao, Kaijen and Ciocarlie, Matei and Srinivasa, Siddhartha},
  year={2012}
}
@book{anthony2009neural,
  title={Neural network learning: Theoretical foundations},
  author={Anthony, Martin and Bartlett, Peter L},
  year={2009},
  publisher={cambridge university press}
}

@article{dogar2011framework,
  title={A framework for push-grasping in clutter},
  author={Dogar, Mehmet and Srinivasa, Siddhartha},
  journal={Robotics: Science and systems VII}
}

@incollection{van2009path,
  title={Path planning among movable obstacles: a probabilistically complete approach},
  author={Van Den Berg, Jur and Stilman, Mike and Kuffner, James and Lin, Ming and Manocha, Dinesh},
  booktitle={Algorithmic Foundation of Robotics VIII},
  pages={599--614},
  year={2009},
  publisher={Springer}
}
@inproceedings{stilman2007manipulation,
  title={Manipulation planning among movable obstacles},
  author={Stilman, Mike and Schamburek, Jan-Ullrich and Kuffner, James and Asfour, Tamim},
  booktitle={Robotics and Automation, 2007 IEEE International Conference on},
  pages={3327--3332},
  year={2007},
  organization={IEEE}
}
@inproceedings{krizhevsky2012imagenet,
  title={Imagenet classification with deep convolutional neural networks},
  author={Krizhevsky, Alex and Sutskever, Ilya and Hinton, Geoffrey E},
  booktitle={Advances in neural information processing systems},
  pages={1097--1105},
  year={2012}
}

@article{sanger1994neural,
  title={Neural network learning control of robot manipulators using gradually increasing task difficulty},
  author={Sanger, Terence D},
  journal={Robotics and Automation, IEEE Transactions on},
  volume={10},
  number={3},
  pages={323--333},
  year={1994},
  publisher={IEEE}
}


@article{laskeyshiv,
  title={SHIV: Reducing Supervisor Burden using Support Vectors for Efficient Learning from Demonstrations in High Dimensional State Spaces},
  author={Laskey, Michael and Staszak, Sam and Hsieh, Wesley Yu-Shu and Mahler, Jeffrey and Pokorny, Florian T and Dragan, Anca D and Goldberg, Ken}
}


@inproceedings{leeper2012strategies,
  title={Strategies for human-in-the-loop robotic grasping},
  author={Leeper, Adam Eric and Hsiao, Kaijen and Ciocarlie, Matei and Takayama, Leila and Gossow, David},
  booktitle={Proceedings of the seventh annual ACM/IEEE international conference on Human-Robot Interaction},
  pages={1--8},
  year={2012},
  organization={ACM}
}

@inproceedings{cosgun2011push,
  title={Push planning for object placement on cluttered table surfaces},
  author={Cosgun, Akansel and Hermans, Tucker and Emeli, Victor and Stilman, Mike},
  booktitle={Intelligent Robots and Systems (IROS), 2011 IEEE/RSJ International Conference on},
  pages={4627--4632},
  year={2011},
  organization={IEEE}
}
@article{mason1986mechanics,
  title={Mechanics and planning of manipulator pushing operations},
  author={Mason, Matthew T},
  journal={The International Journal of Robotics Research},
  volume={5},
  number={3},
  pages={53--71},
  year={1986},
  publisher={Sage Publications}
}

@book{sutton1998reinforcement,
  title={Reinforcement learning: An introduction},
  author={Sutton, Richard S and Barto, Andrew G},
  year={1998},
  publisher={MIT press}
}

@inproceedings{katz2008can,
  title={How can robots succeed in unstructured environments},
  author={Katz, Dov and Kenney, Jacqueline and Brock, Oliver},
  booktitle={In Workshop on Robot Manipulation: Intelligence in Human Environments at Robotics: Science and Systems},
  year={2008},
  organization={Citeseer}
}

@article{mahler2016dexnet,
  title={Dex-Net 1.0: A Cloud-Based Network of 3D Objects for Robust Grasp Planning Using a Multi-Armed Bandit Model with Correlated Rewards},
  author={Mahler, Jeffrey and Pokorny, Florian T and Hou, Brian and Roderick, Melrose and Laskey, Michael and Aubry, Mathieu and Kohlhoff, Kai and Kroeger, Torsten and Kuffner, James and Goldberg, Ken},
  booktitle=icra,
  year={2016},
  organization={IEEE}
}

@inproceedings{bicchi2000robotic,
  title={Robotic grasping and contact: A review},
  author={Bicchi, Antonio and Kumar, Vijay},
  organization={Citeseer}
}
@inproceedings{nieuwenhuisen2013mobile,
  title={Mobile bin picking with an anthropomorphic service robot},
  author={Nieuwenhuisen, Matthias and Droeschel, David and Holz, Dirk and Stuckler, Jorg and Berner, Alexander and Li, Jun and Klein, Reinhard and Behnke, Sven},
  booktitle={Robotics and Automation (ICRA), 2013 IEEE International Conference on},
  pages={2327--2334},
  year={2013},
  organization={IEEE}
}


@article{pinto2015supersizing,
  title={Supersizing Self-supervision: Learning to Grasp from 50K Tries and 700 Robot Hours},
  author={Pinto, Lerrel and Gupta, Abhinav},
  journal={arXiv preprint arXiv:1509.06825},
  year={2015}
}
@inproceedings{bengio2009curriculum,
  title={Curriculum learning},
  author={Bengio, Yoshua and Louradour, J{\'e}r{\^o}me and Collobert, Ronan and Weston, Jason},
  booktitle={Proceedings of the 26th annual international conference on machine learning},
  pages={41--48},
  year={2009},
  organization={ACM}
}
@inproceedings{li2010contextual,
  title={A contextual-bandit approach to personalized news article recommendation},
  author={Li, Lihong and Chu, Wei and Langford, John and Schapire, Robert E},
  booktitle={Proceedings of the 19th international conference on World wide web},
  pages={661--670},
  year={2010},
  organization={ACM}
}
 @misc{tensor,
title={Tensor Flow},
howpublished={\url{https://www.tensorflow.org/}}
}
@article{ross2011stability,
  title={Stability conditions for online learnability},
  author={Ross, St{\'e}phane and Bagnell, J Andrew},
  journal={arXiv preprint arXiv:1108.3154},
  year={2011}
}
@inproceedings{shalev2009mind,
  title={Mind the duality gap: Logarithmic regret algorithms for online optimization},
  author={Shalev-Shwartz, Shai and Kakade, Sham M},
  booktitle={Advances in Neural Information Processing Systems},
  pages={1457--1464},
  year={2009}
}

@inproceedings{akgun2012trajectories,
  title={Trajectories and keyframes for kinesthetic teaching: A human-robot interaction perspective},
  author={Akgun, Baris and Cakmak, Maya and Yoo, Jae Wook and Thomaz, Andrea Lockerd},
  booktitle={Proceedings of the seventh annual ACM/IEEE international conference on Human-Robot Interaction},
  pages={391--398},
  year={2012},
  organization={ACM}
}

@inproceedings{van2010superhuman,
  title={Superhuman performance of surgical tasks by robots using iterative learning from human-guided demonstrations},
  author={Van Den Berg, Jur and Miller, Stephen and Duckworth, Daniel and Hu, Humphrey and Wan, Andrew and Fu, Xiao-Yu and Goldberg, Ken and Abbeel, Pieter},
  booktitle={ICRA, 2010 IEEE },
  pages={2074--2081},
  year={2010},
  organization={IEEE}
}

@inproceedings{abbeel2008apprenticeship,
  title={Apprenticeship learning for motion planning with application to parking lot navigation},
  author={Abbeel, Pieter and Dolgov, Dmitri and Ng, Andrew Y and Thrun, Sebastian},
  booktitle={IROS 2008. IEEE/RS},
  organization={IEEE}
}


@inproceedings{abbeel2004apprenticeship,
  title={Apprenticeship learning via  reinforcement learning},
  author={Abbeel, Pieter and Ng, Andrew Y},
  booktitle={Proceedings of the twenty-first international conference on Machine learning},
  pages={1},
  year={2004}
}

@inproceedings{kim2013maximum,
  title={Maximum Mean Discrepancy Imitation Learning.},
  author={Kim, Beomjoon and Pineau, Joelle},
   booktitle={Robotics Science and Systems},
  year ={2013}
}


@article{kingnonprehensile,
  title={Nonprehensile Whole Arm Rearrangement Planning on Physics Manifolds},
  author={King, Jennifer E and Haustein, Joshua A and Srinivasa, Siddhartha S and Asfour, Tamim}, 
   journal={ICRA  2015 IEEE}
}




@article{breiman1996bagging,
  title={Bagging predictors},
  author={Breiman, Leo},
  journal={Machine learning},
  volume={24},
  number={2},
  pages={123--140},
  year={1996},
  publisher={Springer}
}
@misc{AnnualReport2014,
  title={Annual Report},
  author={{Intuitive Surgical}},
  year={2014}
}%describes surguries and numbers of successes/failures



@article{darzi2004impact,
  title={The impact of minimally invasive surgical techniques},
  author={Darzi, Ara and Munz, Yaron},
  journal={Annu. Rev. Med.},
  volume={55},
  pages={223--237},
  year={2004},
  publisher={Annual Reviews}
}

@article{van2013laparoscopic,
  title={Laparoscopic versus open surgery for rectal cancer (COLOR II): short-term outcomes of a randomised, phase 3 trial},
  author={van der Pas, Martijn HGM and Haglind, Eva and Cuesta, Miguel A and F{\"u}rst, Alois and Lacy, Antonio M and Hop, Wim CJ and Bonjer, Hendrik Jaap and COlorectal cancer Laparoscopic or Open Resection II (COLOR II) Study Group and others},
  journal={The lancet oncology},
  volume={14},
  number={3},
  pages={210--218},
  year={2013},
  publisher={Elsevier}
}
@inproceedings{liu2015optimal,
  title={Optimal needle grasp selection for automatic execution of suturing tasks in robotic minimally invasive surgery},
  author={Liu, Taoming and Cavusoglu, M Cenk},
  booktitle={ICRA, 2015},
  organization={IEEE}
}

@inproceedings{schulman2013case,
  title={A case study of trajectory transfer through non-rigid registration for a simplified suturing scenario},
  author={Schulman, John and Gupta, Ankush and Venkatesan, Sibi and Tayson-Frederick, Mallory and Abbeel, Pieter},
  booktitle={IROS, 2013 IEEE/RSJ },
  pages={4111--4117},
  year={2013},
  organization={IEEE}
}

@article{smola2008introduction,
  booktitle={Introduction to machine learning},
  author={Smola, Alex},
  year={2008},
  publisher={Cambridge University}
  
}


@inproceedings{ng2000algorithms,
  title={Algorithms for inverse reinforcement learning.},
  author={Ng, Andrew Y and Russell, Stuart J and others},
   booktitle={ICML},
  year={2000}
}


@article{abbeel2007application,
  title={An application of reinforcement learning to aerobatic helicopter flight},
  author={Abbeel, Pieter and Coates, Adam and Quigley, Morgan and Ng, Andrew Y},
  journal={NIPS},
  volume={19},
  pages={1},
  year={2007},
  publisher={MIT; 1998}
}


@inproceedings{atlas1990training,
  title={Training connectionist networks with queries and selective sampling},
  author={Atlas, Les E and Cohn, David A and Ladner, Richard E},
  booktitle={NIPS},
  pages={566--573},
  year={1990}
}

@article{tong2002support,
  title={Support vector machine active learning with applications to text classification},
  author={Tong, Simon and Koller, Daphne},
  journal={The Journal of Machine Learning Research},
  volume={2},
  pages={45--66},
  year={2002},
  publisher={JMLR. org}
}
@article{chernova2009interactive,
  title={Interactive policy learning through confidence-based autonomy},
  author={Chernova, Sonia and Veloso, Manuela},
  journal={Journal of Artificial Intelligence Research},
  volume={34},
  number={1},
  pages={1},
  year={2009}
}
@inproceedings{grollman2007dogged,
  title={Dogged learning for robots},
  author={Grollman, Daniel H and Jenkins, Odest Chadwicke},
  booktitle={ICRA, 2007 IEEE}
}


@article{kitaevphysics,
  title={Physics-Based Trajectory Optimization for Grasping in Cluttered Environments},
  author={Kitaev, Nikita and Mordatch, Igor and Patil, Sachin and Abbeel, Pieter}, 
  booktitle={Robotics and Automation (ICRA), 2015 IEEE International Conference on},
  pages={3102--3109},
  year={2015},
  organization={IEEE}
}


@article{scikit-learn,
 title={Scikit-learn: Machine Learning in {P}ython},
 author={Pedregosa, F. and Varoquaux, G. and Gramfort, A. and Michel, V.
         and Thirion, B. and Grisel, O. and Blondel, M. and Prettenhofer, P.
         and Weiss, R. and Dubourg, V. and Vanderplas, J. and Passos, A. and
         Cournapeau, D. and Brucher, M. and Perrot, M. and Duchesnay, E.},
 journal={Journal of Machine Learning Research},
 volume={12},
 pages={2825--2830},
 year={2011}
}





@article{cohn1994improving,
  title={Improving generalization with active learning},
  author={Cohn, David and Atlas, Les and Ladner, Richard},
  journal={Machine learning},
  volume={15},
  number={2},
  pages={201--221},
  year={1994},
  publisher={Springer}
}


@inproceedings{settles2008analysis,
  title={An analysis of active learning strategies for sequence labeling tasks},
  author={Settles, Burr and Craven, Mark},
  booktitle={Proceedings of the conference on empirical methods in natural language processing},
  pages={1070--1079},
  year={2008},
  organization={Association for Computational Linguistics}
}

@inproceedings{laskey2016robot,
  title={Robot grasping in clutter: Using a hierarchy of supervisors for learning from demonstrations},
  author={Laskey, Michael and Lee, Jonathan and Chuck, Caleb and Gealy, David and Hsieh, Wesley and Pokorny, Florian T and Dragan, Anca D and Goldberg, Ken},
  booktitle={Automation Science and Engineering (CASE), 2016 IEEE International Conference on},
  pages={827--834},
  year={2016},
  organization={IEEE}
}
@article{laskey2016comparing,
  title={Comparing Human-Centric and Robot-Centric Sampling for Robot Deep Learning from Demonstrations},
  author={Laskey, Michael and Chuck, Caleb and Lee, Jonathan and Mahler, Jeffrey and Krishnan, Sanjay and Jamieson, Kevin and Dragan, Anca and Goldberg, Ken},
  journal={arXiv preprint arXiv:1610.00850},
  year={2016}
}

@techreport{pomerleau1989alvinn,
  title={Alvinn: An autonomous land vehicle in a neural network},
  author={Pomerleau, Dean A},
  year={1989},
  institution={Carnegie-Mellon University}
}

@article{ross2010reduction,
  title={A reduction of imitation learning and structured prediction to no-regret online learning},
  author={Ross, St{\'e}phane and Gordon, Geoffrey J and Bagnell, J Andrew},
  journal={arXiv preprint arXiv:1011.0686},
  year={2010}
}
@inproceedings{ross2010efficient,
  title={Efficient reductions for imitation learning},
  author={Ross, St{\'e}phane and Bagnell, Drew},
  booktitle={International Conference on Artificial Intelligence and Statistics},
  pages={661--668},
  year={2010}
}

@inproceedings{schulman2015trust,
  title={Trust Region Policy Optimization},
  author={Schulman, John and Levine, Sergey and Abbeel, Pieter and Jordan, Michael and Moritz, Philipp},
  booktitle={Proceedings of The 32nd International Conference on Machine Learning},
  pages={1889--1897},
  year={2015}
}

@article{bartlett2006convexity,
  title={Convexity, classification, and risk bounds},
  author={Bartlett, Peter L and Jordan, Michael I and McAuliffe, Jon D},
  journal={Journal of the American Statistical Association},
  volume={101},
  number={473},
  pages={138--156},
  year={2006},
  publisher={Taylor \& Francis}
}

@article{scholkopf2001estimating,
  title={Estimating the support of a high-dimensional distribution},
  author={Sch{\"o}lkopf, Bernhard and Platt, John C and Shawe-Taylor, John and Smola, Alex J and Williamson, Robert C},
  journal={Neural computation},
  volume={13},
  number={7},
  pages={1443--1471},
  year={2001},
  publisher={MIT Press}
}
@article{tax2004support,
  title={Support vector data description},
  author={Tax, David MJ and Duin, Robert PW},
  journal={Machine learning},
  volume={54},
  number={1},
  pages={45--66},
  year={2004},
  publisher={Springer}
}

@article{manevitz2002one,
  title={One-class SVMs for document classification},
  author={Manevitz, Larry M and Yousef, Malik},
  journal={the Journal of machine Learning research},
  volume={2},
  pages={139--154},
  year={2002},
  publisher={JMLR. org}
}

@article{vert2006consistency,
  title={Consistency and convergence rates of one-class SVMs and related algorithms},
  author={Vert, R{\'e}gis and Vert, Jean-Philippe},
  journal={The Journal of Machine Learning Research},
  volume={7},
  pages={817--854},
  year={2006},
  publisher={JMLR. org}
}

@book{quionero2009dataset,
  title={Dataset shift in machine learning},
  author={Quionero-Candela, Joaquin and Sugiyama, Masashi and Schwaighofer, Anton and Lawrence, Neil D},
  year={2009},
  publisher={The MIT Press}
}

@article{zhang2016understanding,
  title={Understanding deep learning requires rethinking generalization},
  author={Zhang, Chiyuan and Bengio, Samy and Hardt, Moritz and Recht, Benjamin and Vinyals, Oriol},
  journal={arXiv preprint arXiv:1611.03530},
  year={2016}
}

@inproceedings{lrgc,
author = {Hazan, Elad and Kalai, Adam and Kale, Satyen and Agarwal, Amit},
title = {Logarithmic Regret Algorithms for Online Convex Optimization},
booktitle = {Lecture Notes in Computer Science},
year = {2006},
month = {June},
publisher = {Springer-Verlag Berlin Heidelberg},
url = {https://www.microsoft.com/en-us/research/publication/logarithmic-regret-algorithms-online-convex-optimization/},
address = {},
pages = {499-513},
journal = {},
volume = {4005},
chapter = {Learning Theory},
isbn = {},
}

@article{levine2016learning,
  title={Learning hand-eye coordination for robotic grasping with deep learning and large-scale data collection},
  author={Levine, Sergey and Pastor, Peter and Krizhevsky, Alex and Quillen, Deirdre},
  journal={arXiv preprint arXiv:1603.02199},
  year={2016}
}
@article{garcia2012safe,
  title={Safe exploration of state and action spaces in reinforcement learning},
  author={Garcia, Javier and Fern{\'a}ndez, Fernando},
  journal={Journal of Artificial Intelligence Research},
  pages={515--564},
  year={2012}
}

@incollection{NIPS2014_5421,
title = {Deep Learning for Real-Time Atari Game Play Using Offline Monte-Carlo Tree Search Planning},
author = {Guo, Xiaoxiao and Singh, Satinder and Lee, Honglak and Lewis, Richard L and Wang, Xiaoshi},
booktitle = {NIPS},
pages = {3338--3346},
year = {2014}
}

@inproceedings{duvallet2013imitation,
  title={Imitation learning for natural language direction following through unknown environments},
  author={Duvallet, Felix and Kollar, Thomas and Stentz, Anthony},
  booktitle={ICRA},
  pages={1047--1053},
  year={2013},
  organization={IEEE}
}

@incollection{burbidge2007active,
  title={Active learning for regression based on query by committee},
  author={Burbidge, Robert and Rowland, Jem J and King, Ross D},
  booktitle={Intelligent Data Engineering and Automated Learning-IDEAL 2007},
  pages={209--218},
  year={2007},
  publisher={Springer}
}

@inproceedings{gilad2005query,
  title={Query by committee made real},
  author={Gilad-Bachrach, Ran and Navot, Amir and Tishby, Naftali},
  booktitle={NIPS},
  pages={443--450},
  year={2005}
}

@inproceedings{judah2011active,
  title={Active imitation learning via state queries},
  author={Judah, Kshitij and Fern, Alan and Dietterich, Thomas},
  booktitle={Proceedings of the ICML Workshop on Combining Learning Strategies to Reduce Label Cost},
  year={2011}
}

@article{judah2012active,
  title={Active imitation learning via reduction to iid active learning},
  author={Judah, Kshitij and Fern, Alan and ietterich, Thomas G},
  journal={arXiv preprint arXiv:1210.4876},
  year={2012}
}


@book{scholkopf2002learning,
  title={Learning with kernels: Support vector machines, regularization, optimization, and beyond},
  author={Sch{\"o}lkopf, Bernhard and Smola, Alexander J},
  year={2002},
  publisher={MIT press}
}



@article{tokdar2010importance,
  title={Importance sampling: a review},
  author={Tokdar, Surya T and Kass, Robert E},
  journal={Wiley Interdisciplinary Reviews: Computational Statistics},
  volume={2},
  number={1},
  pages={54--60},
  year={2010},
  publisher={Wiley Online Library}
}

@article{hodge2004survey,
  title={A survey of outlier detection methodologies},
  author={Hodge, Victoria J and Austin, Jim},
  journal={Artificial Intelligence Review},
  volume={22},
  number={2},
  pages={85--126},
  year={2004},
  publisher={Springer}
}



@inproceedings{knox1998algorithms,
  title={Algorithms for mining distancebased outliers in large datasets},
  author={Knox, Edwin M and Ng, Raymond T},
  booktitle={Proceedings of the International Conference on Very Large Data Bases},
  year={1998}
}
@article{kaelbling1996reinforcement,
  title={Reinforcement learning: A },
  author={Kaelbling, Leslie Pack and Littman, Michael L and Moore, Andrew W},
  journal={Journal of artificial intelligence research},
  pages={237--285},
  year={1996}
}


@inproceedings{hans2008safe,
  title={Safe exploration for reinforcement learning.},
  author={Hans, Alexander and Schneega{\ss}, Daniel and Sch{\"a}fer, Anton Maximilian and Udluft, Steffen},
  booktitle={ESANN},
  pages={143--148},
  year={2008}
}

@article{nadaraya1964estimating,
  title={On estimating regression},
  author={Nadaraya, Elizbar A},
  journal={Theory of Probability \& Its Applications},
  volume={9},
  number={1},
  pages={141--142},
  year={1964},
  publisher={SIAM}
}


@article{markou2003novelty,
  title={Novelty detection: a review—part 1: statistical approaches},
  author={Markou, Markos and Singh, Sameer},
  journal={Signal processing},
  volume={83},
  number={12},
  pages={2481--2497},
  year={2003},
  publisher={Elsevier}
}



@article{argall2009survey,
  title={A survey of robot learning from demonstration},
  author={Argall, Brenna D and Chernova, Sonia and Veloso, Manuela and Browning, Brett},
  journal={Robotics and autonomous systems},
  volume={57},
  number={5},
  pages={469--483},
  year={2009},
  publisher={Elsevier}
}

@article{billard2001learning,
  title={Learning human arm movements by imitation:: Evaluation of a biologically inspired connectionist architecture},
  author={Billard, Aude and Matari{\'c}, Maja J},
  journal={Robotics and Autonomous Systems},
  volume={37},
  number={2},
  pages={145--160},
  year={2001},
  publisher={Elsevier}
}




@inproceedings{huang2006correcting,
  title={Correcting sample selection bias by unlabeled data},
  author={Huang, Jiayuan and Gretton, Arthur and Borgwardt, Karsten M and Sch{\"o}lkopf, Bernhard and Smola, Alex J},
  booktitle={NIPS},
  pages={601--608},
  year={2006}
}


@article{schulman2015trust,
  title={Trust Region Policy Optimization},
  author={Schulman, John and Levine, Sergey and Moritz, Philipp and Jordan, Michael I and Abbeel, Pieter},
  year={2015}
}

@article{opencv_library,
    author = {Bradski, G.},
    citeulike-article-id = {2236121},
    journal = {Dr. Dobb's Journal of Software Tools},
    keywords = {bibtex-import},
    posted-at = {2008-01-15 19:21:54},
    priority = {4},
    title = ,
    year = {2000}
}

@inproceedings{liu2014unsupervised,
  title={Unsupervised one-class learning for automatic outlier removal},
  author={Liu, Wei and Hua, Gang and Smith, John R},
  booktitle={CVPR, 2014 IEEE},
  pages={3826--3833},
  year={2014},
}


@article{levine2015end,
  title={End-to-end training of deep visuomotor policies},
  author={Levine, Sergey and Finn, Chelsea and Darrell, Trevor and Abbeel, Pieter},
  journal={arXiv preprint arXiv:1504.00702},
  year={2015}
}


@article{gillula2013reducing,
  title={Reducing conservativeness in safety guarantees by learning disturbances online: iterated guaranteed safe online learning},
  author={Gillula, Jeremy H},
  journal={Robotics},
  pages={81},
  year={2013},
  publisher={MIT Press}
}

@inproceedings{liu2007sparse,
  title={Sparse nonparametric density estimation in high dimensions using the rodeo},
  author={Liu, Han and Lafferty, John D and Wasserman, Larry A},
  booktitle={International Conference on Artificial Intelligence and Statistics},
  pages={283--290},
  year={2007}
}

@inproceedings{gillula2012guaranteed,
  title={Guaranteed safe online learning via reachability: tracking a ground target using a quadrotor},
  author={Gillula, Jeremy H and Tomlin, Claire J},
  booktitle={ICRA, 2012 IEEE },
  pages={2723--2730},
  year={2012},
  organization={IEEE}
}

@inproceedings{kakade2009complexity,
  title={On the complexity of linear prediction: Risk bounds, margin bounds, and regularization},
  author={Kakade, Sham M and Sridharan, Karthik and Tewari, Ambuj},
  booktitle={Advances in neural information processing systems},
  pages={793--800},
  year={2009}
}

@article{bartlett2002rademacher,
  title={Rademacher and Gaussian complexities: Risk bounds and structural results},
  author={Bartlett, Peter L and Mendelson, Shahar},
  journal={Journal of Machine Learning Research},
  volume={3},
  number={Nov},
  pages={463--482},
  year={2002}
}
